@Book{diem00,
  author =	 {Andrea Grace Diem},
  title = 	 {THE GURU IN AMERICA: The Influence of Radhasoami on New Religions},
  publisher = 	 {http://members.tripod.com/~andrea65/gurutitle.html},
  year = 	 2000
}

@Article{yg414,
  author = 	 {Jennifer Avenell},
  title = 	 { http://groups.yahoo.com/group/Audinometry/message/414 },
  journal = 	 {http://groups.yahoo.com/group/Audinometry/},
  year = 	 2003,
  month =	 {December}
}

@Article{yg507,
  author = 	 {clearoz},
  title = 	 {``Knowing the knower is not enough''},
  journal = 	 {http://groups.yahoo.com/group/Audinometry/message/507},
  year = 	 2004
}

@Article{yg505,
  author = 	 {Bruce K. Avenell},
  title = 	 {the Kirpal/Sawan Singh story},
  journal = 	 {http://groups.yahoo.com/group/Audinometry/message/505},
  year = 	 2004
}

@Article{yg717,
  author = 	 {Jennifer Avenell},
  title = 	 {Does Audinometry teach vegetarianism?},
  journal = 	 {http://groups.yahoo.com/group/Audinometry/message/717},
  year = 	 2004
}

@Article{yg848,
  author = 	 {Jennifer Avenell},
  title = 	 {Christan Pantheism is Middle Path},
  journal = 	 {http://groups.yahoo.com/group/Audinometry/message/848},
  year = 	 2005,
  month =	 {October}
}

@Article{yg858,
  author = 	 {Jennifer Avenell},
  title = 	 {Audinometry is the Path of Invididuality},
  journal = 	 {http://groups.yahoo.com/group/Audinometry/message/858},
  year = 	 2005,
  month =	 {November}
}

@Article{yg861,
  author = 	 {Jennifer Avenell},
  title = 	 {Visit the Lord of Karma to know what karma is about},
  journal = 	 {http://groups.yahoo.com/group/Audinometry/message/861},
  year = 	 2005,
  month =	 {November}
}


@Article{yg835,
  author = 	 {Jennifer Avenell},
  title = 	 {Sat Nam is the title of the being who presides over the heaven of love},
  journal = 	 {http://groups.yahoo.com/group/Audinometry/message/835},
  year = 	 2005,
  month =	 {July}
}

@Article{yg943,
  author = 	 {Jennifer Avenell},
  title = 	 {The measuring stick for being beyond samara},
  journal = 	 {http://groups.yahoo.com/group/Audinometry/message/943},
  year = 	 2006,
  month =	 {November}
}

@Article{yg954,
  author = 	 {Jennifer Avenell},
  title = 	 {Prayer, worship and devotion have no place in audinometry},
  journal = 	 {http://groups.yahoo.com/group/Audinometry/message/954},
  year = 	 2006,
  month =	 {March}
}

@Article{yg243,
  author = 	 {Jennifer Avenell},
  title = 	 {Shabd has degenerated to Bhakti},
  journal = 	 {http://groups.yahoo.com/group/Audinometry/message/243},
  year = 	 2003,
  month =	 {March}
}

@Unpublished{as_inner,
  author = 	 {Arran Stephens},
  title = 	 {The Inner Planes of Creation},
  note = 	 {http://www.spiritualawakeningradio.com/chart.pdf}
}


@Unpublished{maa,
  author = 	 {Know Thyself as Soul},
  title = 	 {Sant Balajit Singh Introduces Maa},
  note = 	 {http://www.santmat.net/metadot/index.pl?id=23406}
}

@Unpublished{yg1009,
  author = 	 {JCL},
  title = 	 {Paths - left, middle, and right},
  note = 	 {http://groups.yahoo.com/group/Audinometry/message/1009}
}

